@article{swarmbots,
author = {Dorigo, M. and Trianni, V. and Sahin, E. and Gro√ü, R. and Labella, T.H. and Baldassarre, G. and Nolfi, S. and Deneubourg, J.-L. and Mondada, F. and Floreano, D. and Gambardella, L.M.},
title = {Evolving Self-Organizing Behaviors for a Swarm-Bot},
journal = {Autonomous Robots 17},
year = {2004},
pages = {223-245}
language = {english},
}

@book{camazine2003self,
  title={Self-organization in biological systems},
  author={Camazine, Scott},
  year={2003},
  publisher={Princeton University Press}
}

@incollection{eiben03genetic,
year={2003},
isbn={978-3-642-07285-7},
booktitle={Introduction to Evolutionary Computing},
series={Natural Computing Series},
doi={10.1007/978-3-662-05094-1_3},
title={Genetic Algorithms},
url={http://dx.doi.org/10.1007/978-3-662-05094-1_3},
publisher={Springer Berlin Heidelberg},
author={Eiben, A.E. and Smith, J.E.},
pages={37-69},
language={English}
}

@article{yao1999evolving,
  title={Evolving artificial neural networks},
  author={Yao, Xin},
  journal={Proceedings of the IEEE},
  volume={87},
  number={9},
  pages={1423--1447},
  year={1999},
  publisher={IEEE}
}
